<record><leader>00000cas a2200000 a 4500</leader><controlfield tag="001">2252792</controlfield><controlfield tag="008">760620d18331867vaucr ne      0    0eng c</controlfield><datafield ind1=" " ind2=" " tag="010"><subfield code="a">sn 84024658 </subfield></datafield><datafield ind1=" " ind2=" " tag="040"><subfield code="a">MUL</subfield><subfield code="b">eng</subfield><subfield code="c">MUL</subfield><subfield code="d">NPV</subfield><subfield code="d">NPX</subfield><subfield code="d">NPY</subfield><subfield code="d">NPU</subfield><subfield code="d">NPY</subfield><subfield code="d">NPA</subfield><subfield code="d">DLC</subfield><subfield code="d">KNP</subfield><subfield code="d">MGN</subfield><subfield code="d">CNK</subfield><subfield code="d">NVK</subfield><subfield code="d">OCL</subfield><subfield code="d">NVF</subfield><subfield code="d">KRTAS</subfield><subfield code="d">CUI</subfield><subfield code="d">DLC</subfield><subfield code="d">OCLCQ</subfield><subfield code="d">OCLCF</subfield></datafield><datafield ind1="1" ind2=" " tag="029"><subfield code="a">AU@</subfield><subfield code="b">000004481581</subfield></datafield><datafield ind1=" " ind2=" " tag="042"><subfield code="a">pcc</subfield></datafield><datafield ind1=" " ind2=" " tag="043"><subfield code="a">n-us-va</subfield></datafield><datafield ind1="0" ind2="0" tag="050"><subfield code="a">Newspaper</subfield></datafield><datafield ind1=" " ind2="4" tag="050"><subfield code="a">AN</subfield></datafield><datafield ind1="0" ind2="0" tag="245"><subfield code="a">Richmond Whig &amp; public advertiser.</subfield></datafield><datafield ind1="1" ind2="3" tag="246"><subfield code="a">Richmond Whig</subfield></datafield><datafield ind1="1" ind2=" " tag="246"><subfield code="i">Published &lt;Jan. 2, 1857-Dec. 27, 1867&gt; as:</subfield><subfield code="a">Richmond Whig and public advertiser</subfield></datafield><datafield ind1="1" ind2="3" tag="246"><subfield code="a">Richmond semi-weekly Whig</subfield></datafield><datafield ind1="1" ind2=" " tag="246"><subfield code="i">Issues for Feb. 8, 1839-Nov. 25, 1842, called in publisher's block:</subfield><subfield code="a">Country Whig</subfield></datafield><datafield ind1="1" ind2=" " tag="246"><subfield code="i">Issue for Feb. 21, 1835, called:</subfield><subfield code="a">Supplement to the Richmond Whig and public advertiser</subfield></datafield><datafield ind1=" " ind2=" " tag="260"><subfield code="a">Richmond, Va. :</subfield><subfield code="b">Pleasants &amp; Abbott,</subfield><subfield code="c">1833-1867.</subfield></datafield><datafield ind1=" " ind2=" " tag="300"><subfield code="a">v.</subfield></datafield><datafield ind1=" " ind2=" " tag="310"><subfield code="a">Semiweekly</subfield></datafield><datafield ind1="0" ind2=" " tag="362"><subfield code="a">Vol. 10, no. 1 (Jan. 1, 1833)-v. 46, no. 104 (Dec. 31, 1867).</subfield></datafield><datafield ind1=" " ind2=" " tag="500"><subfield code="a">Publisher varies: Pleasants &amp; Abbott, &lt;1833-1837&gt;; Pleasants, Gallaher &amp; Moseley, &lt;1837-1839&gt;; Pleasants &amp; Moseley, &lt;1840&gt;; Pleasants, Moseley &amp; Davis, 1840-1841; Pleasants &amp; Moseley, 1841; A. Moseley, 1841-1843; Pleasants &amp; Moseley, 1843-1845; R.H. Gallaher &amp; Co., 1845; Gallaher, Elliott &amp; Co., 1846; Toler, Elliott &amp; Co, 1846-1848; Moseley &amp; Elliott, 1848-1850; Heath, Elliott &amp; Co., 1850; Heath, Elliott, Scott &amp; Co., 1850-1851.</subfield></datafield><datafield ind1=" " ind2=" " tag="500"><subfield code="a">1851 Supplement also known as "Virginia Reform Convention" &lt;Jan. 6-May 26, 1851&gt;.</subfield></datafield><datafield ind1=" " ind2=" " tag="500"><subfield code="a">Editors: Pleasants &amp; Moseley, 1843; A. Moseley, 1843; Pleasants &amp; Moseley, 1843-1845; Pleasants &amp; Gallaher, 1845-1846; O. Baldwin, 1846; R. Toler, 1846-1848.</subfield></datafield><datafield ind1=" " ind2=" " tag="530"><subfield code="a">Also issued on microfilm from Bell &amp; Howell, Micro Photo Div.</subfield></datafield><datafield ind1=" " ind2=" " tag="580"><subfield code="a">Daily eds.: Daily Richmond Whig &amp; public advertiser, 1833-&lt;1838&gt;, and: Daily Richmond Whig (Richmond, Va. : 1840), &lt;1840&gt;-1842, and: Richmond daily Whig (Richmond, Va. : 1842), 1842-1861, and: Daily Richmond Whig (Richmond, Va. : 1861), 1861-1862, and: Richmond Whig (Richmond, Va. : 1862), 1862-1865, and: Daily Richmond Whig (Richmond, Va. : 1865), 1865-1867.</subfield></datafield><datafield ind1=" " ind2=" " tag="580"><subfield code="a">Weekly ed.: Richmond weekly Whig (Richmond, Va. : 1842), &lt;1843&gt;-1867.</subfield></datafield><datafield ind1=" " ind2=" " tag="580"><subfield code="a">Evening ed.: Evening Whig, &lt;1864-1865&gt;.</subfield></datafield><datafield ind1=" " ind2="0" tag="651"><subfield code="a">Richmond (Va.)</subfield><subfield code="v">Newspapers.</subfield></datafield><datafield ind1=" " ind2="7" tag="655"><subfield code="a">Newspapers.</subfield><subfield code="2">fast</subfield><subfield code="0">(OCoLC)fst01423814</subfield></datafield><datafield ind1=" " ind2="7" tag="651"><subfield code="a">Virginia</subfield><subfield code="z">Richmond.</subfield><subfield code="2">fast</subfield><subfield code="0">(OCoLC)fst01205345</subfield></datafield><datafield ind1=" " ind2=" " tag="752"><subfield code="a">United States</subfield><subfield code="b">Virginia</subfield><subfield code="d">Richmond.</subfield></datafield><datafield ind1="1" ind2=" " tag="775"><subfield code="t">Daily Richmond Whig &amp; public advertiser</subfield><subfield code="w">(DLC)sn 84024657</subfield><subfield code="w">(OCoLC)10988422</subfield></datafield><datafield ind1="1" ind2=" " tag="775"><subfield code="t">Daily Richmond Whig (Richmond, Va. : 1840)</subfield><subfield code="w">(DLC)sn 85026768</subfield><subfield code="w">(OCoLC)12541173</subfield></datafield><datafield ind1="1" ind2=" " tag="775"><subfield code="t">Richmond daily Whig (Richmond, Va. : 1842)</subfield><subfield code="w">(DLC)sn 84024656</subfield><subfield code="w">(OCoLC)10988435</subfield></datafield><datafield ind1="1" ind2=" " tag="775"><subfield code="t">Daily Richmond Whig (Richmond, Va. : 1861)</subfield><subfield code="w">(DLC)sn 86071866</subfield><subfield code="w">(OCoLC)14156994</subfield></datafield><datafield ind1="1" ind2=" " tag="775"><subfield code="t">Richmond Whig (Richmond, Va. : 1862)</subfield><subfield code="w">(DLC)sn 84024669</subfield><subfield code="w">(OCoLC)1772089</subfield></datafield><datafield ind1="1" ind2=" " tag="775"><subfield code="t">Daily Richmond Whig (Richmond, Va. : 1865)</subfield><subfield code="w">(DLC)sn 84024660</subfield><subfield code="w">(OCoLC)10988355</subfield></datafield><datafield ind1="1" ind2=" " tag="775"><subfield code="t">Richmond weekly Whig (Richmond, Va. : 1842)</subfield><subfield code="w">(DLC)sn 84024659</subfield><subfield code="w">(OCoLC)10988392</subfield></datafield><datafield ind1="1" ind2=" " tag="775"><subfield code="t">Evening Whig</subfield><subfield code="w">(DLC)sn 84024662</subfield><subfield code="w">(OCoLC)10988240</subfield></datafield><datafield ind1="0" ind2="0" tag="780"><subfield code="t">Constitutional Whig (Richmond, Va. : Semiweekly)</subfield><subfield code="w">(DLC)sn 83045110</subfield><subfield code="w">(OCoLC)9308787</subfield></datafield><datafield ind1="0" ind2="0" tag="785"><subfield code="t">Richmond Whig and advertiser</subfield><subfield code="w">(DLC)sn 85026844</subfield><subfield code="w">(OCoLC)2252793</subfield></datafield><datafield ind1=" " ind2=" " tag="938"><subfield code="a">Kirtas Technologies, Inc.</subfield><subfield code="b">KRTS</subfield><subfield code="n">734124</subfield></datafield></record>